<?xml version="1.0" encoding="UTF-8"?><record xmlns="http://www.loc.gov/MARC21/slim" xmlns:cinclude="http://apache.org/cocoon/include/1.0" xmlns:zs="http://www.loc.gov/zing/srw/">
  <leader>00383nz  a2200121n  4500</leader>
  <controlfield tag="001">n  95035797 </controlfield>
  <controlfield tag="003">DLC</controlfield>
  <controlfield tag="005">19950411143744.5</controlfield>
  <controlfield tag="008">950411n| acannaab|          |n ana |||  </controlfield>
  <datafield tag="010" ind1=" " ind2=" ">
    <subfield code="a">n  95035797 </subfield>
  </datafield>
  <datafield tag="040" ind1=" " ind2=" ">
    <subfield code="a">DLC</subfield>
    <subfield code="c">DLC</subfield>
  </datafield>
  <datafield tag="110" ind1="2" ind2="0">
    <subfield code="a">Asociación Madrileña de Ciencia Regional</subfield>
  </datafield>
  <datafield tag="670" ind1=" " ind2=" ">
    <subfield code="a">Los problemas del transporte metropolitano, 1993:</subfield>
    <subfield code="b">p. 7 (Asociación Madrileña de Ciencia Regional)</subfield>
  </datafield>
</record>